@article{Hornberger_2004,
  doi = {10.1103/physreva.70.053608},
  url = {http://dx.doi.org/10.1103/physreva.70.053608},
  year = {2004},
  month = {nov},
  publisher = {American Physical Society ({APS})},
  volume = {70},
  number = {5},
  author = {Klaus Hornberger and John E. Sipe and Markus Arndt},
  title = {{Theory of decoherence in a matter wave Talbot-Lau interferometer}},
  journal = {Phys. Rev. A},
}
